From spring 2019 notebook:

@book{sutton2018reinforcement,
  title={Reinforcement learning: An introduction},
  author={Sutton, Richard S and Barto, Andrew G},
  year={2018},
  publisher={MIT press}
}

@article{bengio2019meta,
  title={A meta-transfer objective for learning to disentangle causal mechanisms},
  author={Bengio, Yoshua and Deleu, Tristan and Rahaman, Nasim and Ke, Rosemary and Lachapelle, S{\'e}bastien and Bilaniuk, Olexa and Goyal, Anirudh and Pal, Christopher},
  journal={arXiv preprint arXiv:1901.10912},
  year={2019}
}

@article{veitch2019using,
  title={Using embeddings to correct for unobserved confounding},
  author={Veitch, Victor and Wang, Yixin and Blei, David M},
  journal={arXiv preprint arXiv:1902.04114},
  year={2019}
}

@article{dasgupta2019causal,
  title={Causal reasoning from meta-reinforcement learning},
  author={Dasgupta, Ishita and Wang, Jane and Chiappa, Silvia and Mitrovic, Jovana and Ortega, Pedro and Raposo, David and Hughes, Edward and Battaglia, Peter and Botvinick, Matthew and Kurth-Nelson, Zeb},
  journal={arXiv preprint arXiv:1901.08162},
  year={2019}
}

@article{rojas2018invariant,
  title={Invariant models for causal transfer learning},
  author={Rojas-Carulla, Mateo and Sch{\"o}lkopf, Bernhard and Turner, Richard and Peters, Jonas},
  journal={The Journal of Machine Learning Research},
  volume={19},
  number={1},
  pages={1309--1342},
  year={2018},
  publisher={JMLR. org}
}

@article{parascandolo2017learning,
  title={Learning independent causal mechanisms},
  author={Parascandolo, Giambattista and Kilbertus, Niki and Rojas-Carulla, Mateo and Sch{\"o}lkopf, Bernhard},
  journal={arXiv preprint arXiv:1712.00961},
  year={2017}
}

@article{suter2018interventional,
  title={Interventional robustness of deep latent variable models},
  author={Suter, Raphael and Miladinovi{\'c}, {\DJ}or{\dj}e and Bauer, Stefan and Sch{\"o}lkopf, Bernhard},
  journal={arXiv preprint arXiv:1811.00007},
  year={2018}
}

From summer 2019 notebook:

@inproceedings{finn2016unsupervised,
  title={Unsupervised learning for physical interaction through video prediction},
  author={Finn, Chelsea and Goodfellow, Ian and Levine, Sergey},
  booktitle={Advances in neural information processing systems},
  pages={64--72},
  year={2016}
}

@article{babaeizadeh2017stochastic,
  title={Stochastic variational video prediction},
  author={Babaeizadeh, Mohammad and Finn, Chelsea and Erhan, Dumitru and Campbell, Roy H and Levine, Sergey},
  journal={arXiv preprint arXiv:1710.11252},
  year={2017}
}

@article{lotter2016deep,
  title={Deep predictive coding networks for video prediction and unsupervised learning},
  author={Lotter, William and Kreiman, Gabriel and Cox, David},
  journal={arXiv preprint arXiv:1605.08104},
  year={2016}
}

@inproceedings{walker2014patch,
  title={Patch to the future: Unsupervised visual prediction},
  author={Walker, Jacob and Gupta, Abhinav and Hebert, Martial},
  booktitle={Proceedings of the IEEE conference on Computer Vision and Pattern Recognition},
  pages={3302--3309},
  year={2014}
}

@inproceedings{oh2015action,
  title={Action-conditional video prediction using deep networks in atari games},
  author={Oh, Junhyuk and Guo, Xiaoxiao and Lee, Honglak and Lewis, Richard L and Singh, Satinder},
  booktitle={Advances in neural information processing systems},
  pages={2863--2871},
  year={2015}
}

@inproceedings{brubaker2009estimating,
  title={Estimating contact dynamics},
  author={Brubaker, Marcus A and Sigal, Leonid and Fleet, David J},
  booktitle={2009 IEEE 12th International Conference on Computer Vision},
  pages={2389--2396},
  year={2009},
  organization={IEEE}
}

@inproceedings{watter2015embed,
  title={Embed to control: A locally linear latent dynamics model for control from raw images},
  author={Watter, Manuel and Springenberg, Jost and Boedecker, Joschka and Riedmiller, Martin},
  booktitle={Advances in neural information processing systems},
  pages={2746--2754},
  year={2015}
}

@inproceedings{lange2012autonomous,
  title={Autonomous reinforcement learning on raw visual input data in a real world application},
  author={Lange, Sascha and Riedmiller, Martin and Voigtl{\"a}nder, Arne},
  booktitle={The 2012 International Joint Conference on Neural Networks (IJCNN)},
  pages={1--8},
  year={2012},
  organization={IEEE}
}

@book{pearl2009causalitybook,
address = {New York, NY},
author = {Pearl, Judea},
edition = {Second},
keywords = {causal inference,causality},
mendeley-tags = {causal inference,causality},
publisher = {Cambridge University Press},
title = {{Causality: Models, Reasoning, and Inference}},
year = {2009}
}

Below: can add a bunch of classical causality papers (Rubin and potential outcomes, Pearl, Athey-Imbens, etc.)
















